@article{paper,
  title={Learning, hypothesis testing, and Nash equilibrium},
  author={Foster, Dean P and Young, H Peyton},
  journal={Games and Economic Behavior},
  volume={45},
  number={1},
  pages={73--96},
  year={2003},
  publisher={Elsevier}
}

@misc{pygambit,
  title = {Gambit: Software Tools for Game Theory},
  author={McKelvey, Richard D., McLennan, Andrew M., and Turocy, Theodore L.},
  howpublished = {\url{http://www.gambit-project.org}}
}


@incollection{nowe2012game,
  title={Game theory and multi-agent reinforcement learning},
  author={Now{\'e}, Ann and Vrancx, Peter and Hauwere, Yann-Micha{\"e}l De},
  booktitle={Reinforcement Learning},
  pages={441--470},
  year={2012},
  publisher={Springer}
}

@article{goodfellow2014generative,
  title={Generative adversarial nets},
  author={Goodfellow, Ian and Pouget-Abadie, Jean and Mirza, Mehdi and Xu, Bing and Warde-Farley, David and Ozair, Sherjil and Courville, Aaron and Bengio, Yoshua},
  journal={Advances in neural information processing systems},
  volume={27},
  year={2014}
}

@article{zhou2019survey,
  title={A survey of game theoretic approach for adversarial machine learning},
  author={Zhou, Yan and Kantarcioglu, Murat and Xi, Bowei},
  journal={Wiley Interdisciplinary Reviews: Data Mining and Knowledge Discovery},
  volume={9},
  number={3},
  pages={e1259},
  year={2019},
  publisher={Wiley Online Library}
}

@article{foster1998nonconvergence,
  title={On the nonconvergence of fictitious play in coordination games},
  author={Foster, Dean P and Young, H Peyton},
  journal={Games and Economic Behavior},
  volume={25},
  number={1},
  pages={79--96},
  year={1998},
  publisher={Elsevier}
}

@article{monderer1996potential,
  title={Potential games},
  author={Monderer, Dov and Shapley, Lloyd S},
  journal={Games and economic behavior},
  volume={14},
  number={1},
  pages={124--143},
  year={1996},
  publisher={Elsevier}
}

@article{milgrom1991adaptive,
  title={Adaptive and sophisticated learning in normal form games},
  author={Milgrom, Paul and Roberts, John},
  journal={Games and economic Behavior},
  volume={3},
  number={1},
  pages={82--100},
  year={1991},
  publisher={Elsevier}
}

@article{jordan1995bayesian,
  title={Bayesian learning in repeated games},
  author={Jordan, James S},
  journal={Games and Economic Behavior},
  volume={9},
  number={1},
  pages={8--20},
  year={1995},
  publisher={Elsevier}
}

@article{kalai1993rational,
  title={Rational learning leads to Nash equilibrium},
  author={Kalai, Ehud and Lehrer, Ehud},
  journal={Econometrica: Journal of the Econometric Society},
  pages={1019--1045},
  year={1993},
  publisher={JSTOR}
}

@article{hart2000simple,
  title={A simple adaptive procedure leading to correlated equilibrium},
  author={Hart, Sergiu and Mas-Colell, Andreu},
  journal={Econometrica},
  volume={68},
  number={5},
  pages={1127--1150},
  year={2000},
  publisher={Wiley Online Library}
}

@article{foster1997calibrated,
  title={Calibrated learning and correlated equilibrium},
  author={Foster, Dean P and Vohra, Rakesh V},
  journal={Games and Economic Behavior},
  volume={21},
  number={1-2},
  pages={40},
  year={1997}
}

@incollection{foster1998learning,
  title={Learning with hazy beliefs},
  author={Foster, Dean P and Young, H Peyton},
  booktitle={Game Theory, Experience, Rationality},
  pages={325--335},
  year={1998},
  publisher={Springer}
}

@article{yasodharan2019nonzero,
  title={Nonzero-sum adversarial hypothesis testing games},
  author={Yasodharan, Sarath and Loiseau, Patrick},
  journal={Advances in Neural Information Processing Systems},
  volume={32},
  year={2019}
}